@article{young1991precise,
  title={Precise automatic differential stellar photometry},
  author={Young, Andrew T and Genet, Russell M and Boyd, Louis J and Borucki, William J and Lockwood, G Wesley and Henry, GREGORY W and Hall, DOUGLAS S and Smith, DIANE PYPER and Baliumas, SL and Donahue, ROBERT and others},
  journal={Publications of the Astronomical Society of the Pacific},
  volume={103},
  number={660},
  pages={221},
  year={1991},
  publisher={IOP Publishing}
}



@article{abazajian2009seventh,
  title={The seventh data release of the Sloan Digital Sky Survey},
  author={Abazajian, Kevork N and Adelman-McCarthy, Jennifer K and Ag{\"u}eros, Marcel A and Allam, Sahar S and Prieto, Carlos Allende and An, Deokkeun and Anderson, Kurt SJ and Anderson, Scott F and Annis, James and Bahcall, Neta A and others},
  journal={The Astrophysical Journal Supplement Series},
  volume={182},
  number={2},
  pages={543},
  year={2009},
  publisher={IOP Publishing}
}

@inproceedings{giltinan2011using,
  title={Using EMCCD's to improve the photometric precision of ground-based astronomical observations},
  author={Giltinan, Alan and Loughnan, Dylan and Collins, Adrian and Smith, Niall},
  booktitle={Journal of Physics: Conference Series},
  volume={307},
  number={1},
  pages={012010},
  year={2011},
  organization={IOP Publishing}
}

@incollection{milone2011high,
  title={The High Road to Astronomical Photometric Precision: Differential Photometry},
  author={Milone, EF and Pel, Jan Willem},
  booktitle={Astronomical Photometry},
  pages={33--68},
  year={2011},
  publisher={Springer}
}

@article{burdanov2014astrokit,
  title={Astrokit-an efficient program for high-precision differential CCD photometry and search for variable stars},
  author={Burdanov, Artem Y and Krushinsky, Vadim V and Popov, Alexander A},
  journal={Astrophysical Bulletin},
  volume={69},
  number={3},
  pages={368--376},
  year={2014},
  publisher={Springer}
}

@article{everett2001technique,
  title={A Technique for Ultrahigh-Precision CCD Photometry},
  author={Everett, Mark E and Howell, Steve B},
  journal={Publications of the Astronomical Society of the Pacific},
  volume={113},
  number={789},
  pages={1428},
  year={2001},
  publisher={IOP Publishing}
}

@article{honeycutt1992ccd,
  title={CCD ensemble photometry on an inhomogeneous set of exposures},
  author={Honeycutt, R Kent},
  journal={Publications of the Astronomical Society of the Pacific},
  volume={104},
  number={676},
  pages={435},
  year={1992},
  publisher={IOP Publishing}
}

@book{budding2007introduction,
  title={Introduction to astronomical photometry},
  author={Budding, Edwin and Demircan, Osman},
  volume={6},
  year={2007},
  publisher={Cambridge University Press}
}


@phdthesis{creaner2016thesis,
  title={Data Mining by Grid Computing in the Search for Extrasolar Planets},
  author={Creaner, Oisin},
  year={2016},
  publisher={Quality and Qualifications Ireland},
  school={Institute of Technology, Tallaght, Dublin}
}

@article{locuspaper,
  title={The Locus Algorithm},
  author={Creaner, Oisin and Hickey, Eugene and Nolan, Kevin},
  journal={Astronomy and Astrophysics},
  year={In Press},
  publisher={Elviser}
}

@inproceedings{creaner2010large,
  title={Large-Catalogue Optimisation of Quasar Differential Photometry Fields by Grid Computing},
  author={Creaner, O and Hickey, E and Nolan, K and Briain, Ta and Smith, N},
  booktitle={Astronomical Data Analysis Software and Systems XIX},
  volume={434},
  pages={505},
  year={2010}
}

@article{schneider2007sloan,
  title={The sloan digital sky survey quasar catalog. IV. Fifth data release},
  author={Schneider, Donald P and Hall, Patrick B and Richards, Gordon T and Strauss, Michael A and Berk, Daniel E Vanden and Anderson, Scott F and Brandt, WN and Fan, Xiaohui and Jester, Sebastian and Gray, Jim and others},
  journal={The Astronomical Journal},
  volume={134},
  number={1},
  pages={102},
  year={2007},
  publisher={IOP Publishing}
}

@article{gridpaper,
  title={Grid Performance of Locus job},
  author={Creaner, Oisin and Nolan, Kevin and Hickey, Eugene},
  journal={Astronomy and Astrophysics},
  year={In Press},
  publisher={Elviser}
}

@article{fan1999simulation,
  title={Simulation of stellar objects in sdss color space},
  author={Fan, Xiaohui},
  journal={The Astronomical Journal},
  volume={117},
  number={5},
  pages={2528},
  year={1999},
  publisher={IOP Publishing}
}

@book{howell2006handbook,
  title={Handbook of CCD astronomy},
  author={Howell, Steve B},
  volume={5},
  year={2006},
  publisher={Cambridge University Press}
}

